<?xml version="1.0" encoding="UTF-8"?><record xmlns="http://www.loc.gov/MARC21/slim" xmlns:cinclude="http://apache.org/cocoon/include/1.0" xmlns:zs="http://www.loc.gov/zing/srw/">
  <leader>00468cz  a2200145n  4500</leader>
  <controlfield tag="001">n  92117778 </controlfield>
  <controlfield tag="003">DLC</controlfield>
  <controlfield tag="005">19950814172708.5</controlfield>
  <controlfield tag="008">921209n| acannaab|          |a aaa |||  </controlfield>
  <datafield tag="010" ind1=" " ind2=" ">
    <subfield code="a">n  92117778 </subfield>
  </datafield>
  <datafield tag="040" ind1=" " ind2=" ">
    <subfield code="a">DLC</subfield>
    <subfield code="c">DLC</subfield>
    <subfield code="d">DLC</subfield>
  </datafield>
  <datafield tag="100" ind1="1" ind2="0">
    <subfield code="a">Vítečková, J.</subfield>
  </datafield>
  <datafield tag="400" ind1="1" ind2="0">
    <subfield code="a">Vítečková, Jana</subfield>
  </datafield>
  <datafield tag="670" ind1=" " ind2=" ">
    <subfield code="a">Názory na rozvoj soukromého podnikání ... 1990:</subfield>
    <subfield code="b">t.p. (J. Vítečková)</subfield>
  </datafield>
  <datafield tag="670" ind1=" " ind2=" ">
    <subfield code="a">Growing interest in informal work, 1990?:</subfield>
    <subfield code="b">t.p. (Jana Vítečková)</subfield>
  </datafield>
</record>